@article{ref:inn,
  author    = {Laurent Dinh and
               Jascha Sohl{-}Dickstein and
               Samy Bengio},
  title     = {Density estimation using Real {NVP}},
  journal   = {CoRR},
  volume    = {abs/1605.08803},
  year      = {2016},
  url       = {http://arxiv.org/abs/1605.08803},
  archivePrefix = {arXiv},
  eprint    = {1605.08803},
  timestamp = {Mon, 13 Aug 2018 16:47:21 +0200},
  biburl    = {https://dblp.org/rec/bib/journals/corr/DinhSB16},
  bibsource = {dblp computer science bibliography, https://dblp.org}
}

@misc{ref:inn_fig,
  author = {Visual Learning Lab Heidelberg},
  title = {Analyzing Inverse Problems with Invertible Neural Networks},
  year = 2018,
  url = {https://hci.iwr.uni-heidelberg.de/vislearn/inverse-problems
},
  urldate = {Accessed: 2019-02-25}
}